<?xml version="1.0" encoding="UTF-8"?>
  <record xmlns="http://www.loc.gov/MARC21/slim" type="Authority">
    <leader>00000nz  a2200000oc 4500</leader>
    <controlfield tag="001">1214610986</controlfield>
    <controlfield tag="003">DE-101</controlfield>
    <controlfield tag="005">20200727151107.0</controlfield>
    <controlfield tag="008">200727n||aznnnaabn           | aaa    |c</controlfield>
    <datafield tag="024" ind1="7" ind2=" ">
      <subfield code="a">1214610986</subfield>
      <subfield code="0">http://d-nb.info/gnd/1214610986</subfield>
      <subfield code="2">gnd</subfield>
    </datafield>
    <datafield tag="035" ind1=" " ind2=" ">
      <subfield code="a">(DE-101)1214610986</subfield>
    </datafield>
    <datafield tag="035" ind1=" " ind2=" ">
      <subfield code="a">(DE-588)1214610986</subfield>
    </datafield>
    <datafield tag="040" ind1=" " ind2=" ">
      <subfield code="a">DE-17</subfield>
      <subfield code="c">DE-17</subfield>
      <subfield code="9">r:DE-17</subfield>
      <subfield code="b">ger</subfield>
      <subfield code="d">0017</subfield>
      <subfield code="e">rda</subfield>
    </datafield>
    <datafield tag="042" ind1=" " ind2=" ">
      <subfield code="a">gnd3</subfield>
    </datafield>
    <datafield tag="043" ind1=" " ind2=" ">
      <subfield code="c">XA-DE</subfield>
    </datafield>
    <datafield tag="075" ind1=" " ind2=" ">
      <subfield code="b">p</subfield>
      <subfield code="2">gndgen</subfield>
    </datafield>
    <datafield tag="075" ind1=" " ind2=" ">
      <subfield code="b">piz</subfield>
      <subfield code="2">gndspec</subfield>
    </datafield>
    <datafield tag="079" ind1=" " ind2=" ">
      <subfield code="a">g</subfield>
      <subfield code="q">f</subfield>
    </datafield>
    <datafield tag="100" ind1="1" ind2=" ">
      <subfield code="a">Schneidbacher, Joannes Bartholomäus</subfield>
    </datafield>
    <datafield tag="400" ind1="1" ind2=" ">
      <subfield code="a">Schneidbacher, Ioannes Bartholomeus</subfield>
    </datafield>
    <datafield tag="500" ind1="1" ind2=" ">
      <subfield code="0">(DE-101)128875178</subfield>
      <subfield code="0">(DE-588)128875178</subfield>
      <subfield code="0">https://d-nb.info/gnd/128875178</subfield>
      <subfield code="a">Schneidbacher, Stephan</subfield>
      <subfield code="d">1566-1619</subfield>
      <subfield code="4">rela</subfield>
      <subfield code="4">https://d-nb.info/standards/elementset/gnd#relatedPerson</subfield>
      <subfield code="w">r</subfield>
      <subfield code="i">Relation allgemein</subfield>
      <subfield code="e">Relation allgemein</subfield>
      <subfield code="9">v:vermutlich verwandt</subfield>
    </datafield>
    <datafield tag="548" ind1=" " ind2=" ">
      <subfield code="a">1608-</subfield>
      <subfield code="4">datw</subfield>
      <subfield code="4">https://d-nb.info/standards/elementset/gnd#periodOfActivity</subfield>
      <subfield code="w">r</subfield>
      <subfield code="i">Wirkungsdaten</subfield>
    </datafield>
    <datafield tag="551" ind1=" " ind2=" ">
      <subfield code="0">(DE-101)040391337</subfield>
      <subfield code="0">(DE-588)4039133-4</subfield>
      <subfield code="0">https://d-nb.info/gnd/4039133-4</subfield>
      <subfield code="a">Michelstadt</subfield>
      <subfield code="4">ortc</subfield>
      <subfield code="4">https://d-nb.info/standards/elementset/gnd#characteristicPlace</subfield>
      <subfield code="w">r</subfield>
      <subfield code="i">Charakteristischer Ort</subfield>
    </datafield>
    <datafield tag="670" ind1=" " ind2=" ">
      <subfield code="a">Vorlage</subfield>
    </datafield>
    <datafield tag="672" ind1=" " ind2="0">
      <subfield code="a">Kurtze und einfältige Erklärung der sieben gnadenreichen Worte, die Christus unser Herr und Heyland am Stamme deß Creutzes vor seinem letzten Ende geredt hat. In sieben underschliedliche Predigten verfaßt, und beydes zu Hoff, auch in der Pfarrkirchen zu Erpach außgelegt, als der Wolgeborne Herre, Herr Georg Graue zu Erpach, und Herr zu Breubergk, Seliglichen in Christo Jesu entschlaffen, und in der Pfarrkirche zu Michelstadt mit Christlichen gebürlichen Cæremonien zur Erden bestattet worden. Auß befelch Seiner gnädigen Obrigkeit in truck verfertiget, durch M.Stephanum Schneidbachern, Pfarrern zu Erpach. Straßburg, Bertram, 1608</subfield>
    </datafield>
    <datafield tag="678" ind1=" " ind2=" ">
      <subfield code="b">Verwandter von Stefan Schneidbacher, Pfarrer zu Erbach?</subfield>
    </datafield>
  </record>
